@article{P1,
title={Proyecto 01 Web Service},
author={Lezama X y Galaviz J},
journal={Modelado y programación},
volume={01},
pages={1--2},
year={2020},
publisher={Universidad Nacional Autónoma de México}
}